@article{zhou2009foreword,
  title={Foreword to the special issue on Unmanned Airborne Vehicle (UAV) sensing systems for earth observations},
  author={Zhou, Guoquing and Ambrosia, Vince and Gasiewski, Albin J and Bland, Geoff},
  journal={Geoscience and Remote Sensing, IEEE Transactions on},
  volume={47},
  number={3},
  pages={687--689},
  year={2009},
  publisher={IEEE}
}


@article{hampton2013big,
  title={Big data and the future of ecology},
  author={Hampton, Stephanie E and Strasser, Carly A and Tewksbury, Joshua J and Gram, Wendy K and Budden, Amber E and Batcheller, Archer L and Duke, Clifford S and Porter, John H},
  journal={Frontiers in Ecology and the Environment},
  volume={11},
  number={3},
  pages={156--162},
  year={2013},
  publisher={Eco Soc America}
}


@article{soranno2014macrosystems,
  title={Macrosystems ecology: big data, big ecology},
  author={Soranno, Patricia A and Schimel, David S},
  journal={Frontiers in Ecology and the Environment},
  volume={12},
  number={1},
  pages={3--3},
  year={2014},
  publisher={Eco Soc America}
}

@article{smith2006introduction,
  title={Introduction to hyperspectral imaging},
  author={Smith, Randall B},
  journal={Microimages. Retrieved on June},
  volume={30},
  pages={2008},
  year={2006}
}


@book{varshney2004advanced,
  title={Advanced image processing techniques for remotely sensed hyperspectral data},
  author={Varshney, Pramod K and Arora, Manoj K},
  year={2004},
  publisher={Springer Science \& Business Media}
}
