@article{kampe2010neon,
  title={NEON: the first continental-scale ecological observatory with airborne remote sensing of vegetation canopy biochemistry and structure},
  author={Kampe, Thomas U and Johnson, Brian R and Kuester, Michele and Keller, Michael},
  journal={Journal of Applied Remote Sensing},
  volume={4},
  number={1},
  pages={043510--043510},
  year={2010},
  publisher={International Society for Optics and Photonics}
}

@article{green1988transformation,
  title={A transformation for ordering multispectral data in terms of image quality with implications for noise removal},
  author={Green, Andrew A and Berman, Mark and Switzer, Paul and Craig, Maurice D},
  journal={Geoscience and Remote Sensing, IEEE Transactions on},
  volume={26},
  number={1},
  pages={65--74},
  year={1988},
  publisher={IEEE}
}

@article{scholes1997tree,
  title={Tree-grass interactions in savannas 1},
  author={Scholes, RJ and Archer, SR},
  journal={Annual review of Ecology and Systematics},
  volume={28},
  number={1},
  pages={517--544},
  year={1997},
  publisher={Annual Reviews 4139 El Camino Way, PO Box 10139, Palo Alto, CA 94303-0139, USA}
}

@article{colgan2012mapping,
  title={Mapping savanna tree species at ecosystem scales using support vector machine classification and BRDF correction on airborne hyperspectral and LiDAR data},
  author={Colgan, Matthew S and Baldeck, Claire A and F{\'e}ret, Jean-Baptiste and Asner, Gregory P},
  journal={Remote Sensing},
  volume={4},
  number={11},
  pages={3462--3480},
  year={2012}
}

@article{feret2013tree,
  title={Tree species discrimination in tropical forests using airborne imaging spectroscopy},
  author={F\'{e}ret, J and Asner, Gregory P},
  journal={Geoscience and Remote Sensing, IEEE Transactions on},
  volume={51},
  number={1},
  pages={73--84},
  year={2013},
  publisher={IEEE}
}

@article{ghosh2014framework,
  title={A framework for mapping tree species combining hyperspectral and LiDAR data: Role of selected classifiers and sensor across three spatial scales},
  author={Ghosh, Aniruddha and Fassnacht, Fabian Ewald and Joshi, PK and Koch, Barbara},
  journal={International Journal of Applied Earth Observation and Geoinformation},
  volume={26},
  pages={49--63},
  year={2014},
  publisher={Elsevier}
}

@article{immitzer2012tree,
  title={Tree species classification with random forest using very high spatial resolution 8-band WorldView-2 satellite data},
  author={Immitzer, Markus and Atzberger, Clement and Koukal, Tatjana},
  journal={Remote Sensing},
  volume={4},
  number={9},
  pages={2661--2693},
  year={2012},
  publisher={Molecular Diversity Preservation International}
}

@article{naidoo2012classification,
  title={Classification of savanna tree species, in the Greater Kruger National Park region, by integrating hyperspectral and LiDAR data in a Random Forest data mining environment},
  author={Naidoo, L and Cho, MA and Mathieu, R and Asner, G},
  journal={ISPRS Journal of Photogrammetry and Remote Sensing},
  volume={69},
  pages={167--179},
  year={2012},
  publisher={Elsevier}
}

@article{ustin2009retrieval,
  title={Retrieval of foliar information about plant pigment systems from high resolution spectroscopy},
  author={Ustin, Susan L and Gitelson, Anatoly A and Jacquemoud, St{\'e}phane and Schaepman, Michael and Asner, Gregory P and Gamon, John A and Zarco-Tejada, Pablo},
  journal={Remote Sensing of Environment},
  volume={113},
  pages={S67--S77},
  year={2009},
  publisher={Elsevier}
}

@article{roelofsen2014mapping,
  title={Mapping a priori defined plant associations using remotely sensed vegetation characteristics},
  author={Roelofsen, Hans D and Kooistra, Lammert and van Bodegom, Peter M and Verrelst, Jochem and Krol, Johan and Witte, Jan-Philip M},
  journal={Remote Sensing of Environment},
  volume={140},
  pages={639--651},
  year={2014},
  publisher={Elsevier}
}

@article{baldeck2013estimating,
  title={Estimating Vegetation Beta Diversity from Airborne Imaging Spectroscopy and Unsupervised Clustering},
  author={Baldeck, Claire A and Asner, Gregory P},
  journal={Remote Sensing},
  volume={5},
  number={5},
  pages={2057--2071},
  year={2013},
  publisher={Multidisciplinary Digital Publishing Institute}
}

@article{baldeck2014landscape,
  title={Landscape-scale variation in plant community composition of an African savanna from airborne species mapping},
  author={Baldeck, CA and Colgan, MS and F{\'e}ret, J-B and Levick, SR and Martin, RE and Asner, GP},
  journal={Ecological Applications},
  volume={24},
  number={1},
  pages={84--93},
  year={2014},
  publisher={Eco Soc America}
}

@article{cho2012mapping,
  title={Mapping tree species composition in South African savannas using an integrated airborne spectral and LiDAR system},
  author={Cho, Moses Azong and Mathieu, Renaud and Asner, Gregory P and Naidoo, Laven and van Aardt, Jan and Ramoelo, Abel and Debba, Pravesh and Wessels, Konrad and Main, Russell and Smit, Izak PJ and others},
  journal={Remote Sensing of Environment},
  volume={125},
  pages={214--226},
  year={2012},
  publisher={Elsevier}
}

@article{clark2005hyperspectral,
  title={Hyperspectral discrimination of tropical rain forest tree species at leaf to crown scales},
  author={Clark, Matthew L and Roberts, Dar A and Clark, David B},
  journal={Remote sensing of environment},
  volume={96},
  number={3},
  pages={375--398},
  year={2005},
  publisher={Elsevier}
}

@article{dalponte2014tree,
  title={Tree crown delineation and tree species classification in boreal forests using hyperspectral and ALS data},
  author={Dalponte, Michele and {\O}rka, Hans Ole and Ene, Liviu Theodor and Gobakken, Terje and N{\ae}sset, Erik},
  journal={Remote sensing of environment},
  volume={140},
  pages={306--317},
  year={2014},
  publisher={Elsevier}
}

@article{feret2012semi,
  title={Semi-supervised methods to identify individual crowns of lowland tropical canopy species using imaging spectroscopy and LiDAR},
  author={F{\'e}ret, Jean-Baptiste and Asner, Gregory P},
  journal={Remote Sensing},
  volume={4},
  number={8},
  pages={2457--2476},
  year={2012},
  publisher={Molecular Diversity Preservation International}
}


@article{clark2012species,
  title={Species-level differences in hyperspectral metrics among tropical rainforest trees as determined by a tree-based classifier},
  author={Clark, Matthew L and Roberts, Dar A},
  journal={Remote Sensing},
  volume={4},
  number={6},
  pages={1820--1855},
  year={2012},
  publisher={Molecular Diversity Preservation International}
}
